 @misc{ wiki:xxx,
   author = "Wikipedia",
   title = "68–95–99.7 rule --- Wikipedia{,} The Free Encyclopedia",
   year = "2016",
   url = "https://en.wikipedia.org/w/index.php?title=68%E2%80%9395%E2%80%9399.7_rule&oldid=707879861",
   note = "[Online; accessed 22-April-2016]"
 }